<record><leader>00000cas a2200000 a 4500</leader><controlfield tag="001">32081027</controlfield><controlfield tag="008">950303c19929999oru x ne      0    0eng c</controlfield><datafield ind1=" " ind2=" " tag="010"><subfield code="a">  2002260216</subfield></datafield><datafield ind1=" " ind2=" " tag="040"><subfield code="a">WIH</subfield><subfield code="b">eng</subfield><subfield code="c">WIH</subfield><subfield code="d">ORU</subfield><subfield code="d">OCLCQ</subfield><subfield code="d">OCLCF</subfield><subfield code="d">OCLCO</subfield></datafield><datafield ind1="1" ind2=" " tag="029"><subfield code="a">AU@</subfield><subfield code="b">000023522211</subfield></datafield><datafield ind1=" " ind2=" " tag="037"><subfield code="b">Bay City Slug, P.O. Box 3342, Bay City, OR 97107</subfield></datafield><datafield ind1=" " ind2=" " tag="042"><subfield code="a">pcc</subfield></datafield><datafield ind1=" " ind2=" " tag="043"><subfield code="a">n-us-or</subfield></datafield><datafield ind1="0" ind2="0" tag="245"><subfield code="a">Bay city slug.</subfield></datafield><datafield ind1="3" ind2="0" tag="246"><subfield code="a">Slug</subfield></datafield><datafield ind1=" " ind2=" " tag="260"><subfield code="a">Bay City, Or. :</subfield><subfield code="b">Smith Bros.,</subfield><subfield code="c">1992-</subfield></datafield><datafield ind1=" " ind2=" " tag="300"><subfield code="a">v. :</subfield><subfield code="b">ill. ;</subfield><subfield code="c">34 cm.</subfield></datafield><datafield ind1=" " ind2=" " tag="310"><subfield code="a">Irregular,</subfield><subfield code="b">1997-</subfield></datafield><datafield ind1=" " ind2=" " tag="321"><subfield code="a">Semiannual,</subfield><subfield code="b">1992-1996</subfield></datafield><datafield ind1="0" ind2=" " tag="362"><subfield code="a">Vol. 1, no. 1 (winter 1992)-</subfield></datafield><datafield ind1=" " ind2=" " tag="500"><subfield code="a">Title from cover.</subfield></datafield><datafield ind1=" " ind2=" " tag="500"><subfield code="a">"The paper that hates progress."</subfield></datafield><datafield ind1=" " ind2=" " tag="515"><subfield code="a">Volume designation dropped with v. 1, no. 3.</subfield></datafield><datafield ind1=" " ind2=" " tag="515"><subfield code="a">None published 1998.</subfield></datafield><datafield ind1=" " ind2=" " tag="530"><subfield code="a">Available on microfilm from: State Historical Society of Wisconsin; University of Oregon Library.</subfield></datafield><datafield ind1=" " ind2=" " tag="588"><subfield code="a">Latest issue consulted: No. 15 (July 2001).</subfield></datafield><datafield ind1=" " ind2="0" tag="651"><subfield code="a">Bay City (Or.)</subfield><subfield code="v">Newspapers.</subfield></datafield><datafield ind1=" " ind2="0" tag="650"><subfield code="a">Underground press publications</subfield><subfield code="z">Oregon</subfield><subfield code="z">Bay City.</subfield></datafield><datafield ind1=" " ind2="7" tag="655"><subfield code="a">Newspapers.</subfield><subfield code="2">fast</subfield><subfield code="0">(OCoLC)fst01423814</subfield></datafield><datafield ind1=" " ind2="7" tag="650"><subfield code="a">Underground press publications.</subfield><subfield code="2">fast</subfield><subfield code="0">(OCoLC)fst01160984</subfield></datafield><datafield ind1=" " ind2="7" tag="651"><subfield code="a">Oregon</subfield><subfield code="z">Bay City.</subfield><subfield code="2">fast</subfield><subfield code="0">(OCoLC)fst01221374</subfield></datafield><datafield ind1=" " ind2=" " tag="752"><subfield code="a">United States</subfield><subfield code="b">Oregon</subfield><subfield code="c">Tillamook</subfield><subfield code="d">Bay City.</subfield></datafield></record>